<?xml version="1.0" encoding="UTF-8"?><collection xmlns="http://www.loc.gov/MARC21/slim"><record><leader>00639nam--2200181-i-4500</leader><controlfield tag="001">000028379</controlfield><controlfield tag="002">20161230</controlfield><controlfield tag="005">20161230201037</controlfield><controlfield tag="008">060222s1000------------r-----000-0-fre-d</controlfield><datafield ind1=" " ind2=" " tag="040"><subfield code="a">IFIN-HH</subfield></datafield><datafield ind1=" " ind2=" " tag="041"><subfield code="a">fre</subfield></datafield><datafield ind1=" " ind2=" " tag="080"><subfield code="a">539.163.2(043)</subfield></datafield><datafield ind1="1" ind2=" " tag="100"><subfield code="a">Lanegrasse, Louis</subfield></datafield><datafield ind1="1" ind2="0" tag="245"><subfield code="a">Realisation d`un spectrometre alpha. application a la mesure de l`equilibre radioactiv entre le radon et ses descendants a vie courte dans les mines d`uranium et dans l`atmosphere</subfield><subfield code="b">These</subfield><subfield code="c">Louis lanegrasse</subfield></datafield><datafield ind1=" " ind2=" " tag="260"><subfield code="a">Toulouse</subfield><subfield code="b">Universite Paul-sabatier De Toulouse</subfield><subfield code="c">1972</subfield></datafield><datafield ind1=" " ind2=" " tag="300"><subfield code="a">89P</subfield></datafield><datafield ind1=" " ind2=" " tag="852"><subfield code="a">40426</subfield><subfield code="c">539.163.2</subfield></datafield><datafield ind1=" " ind2=" " tag="CAT"><subfield code="a">Sys</subfield><subfield code="c">20120524</subfield><subfield code="h">152001</subfield></datafield></record></collection>